@article{sparck1972statistical,
  title={A statistical interpretation of term specificity and its application in retrieval},
  author={Sparck Jones, Karen},
  journal={Journal of documentation},
  volume={28},
  number={1},
  pages={11--21},
  year={1972},
  publisher={MCB UP Ltd}
}

@online{word2vecgg,
  title = {Word2vec: Google code project},
  year = 2013,
  url = {https://code.google.com/archive/p/word2vec/},
}

@article{DBLP:LeM14,
  author    = {Quoc V. Le and Tomas Mikolov},
  title     = {Distributed Representations of Sentences and Documents},
  journal   = {CoRR},
  volume    = {abs/1405.4053},
  year      = {2014},
  url       = {http://arxiv.org/abs/1405.4053},
  timestamp = {Mon, 02 Jun 2014 08:30:36 +0200},
  biburl    = {http://dblp.uni-trier.de/rec/bib/journals/corr/LeM14},
  bibsource = {dblp computer science bibliography, http://dblp.org}
}

@inproceedings{Singhal:1996,
 author = {Singhal, Amit and Buckley, Chris and Mitra, Mandar},
 title = {Pivoted Document Length Normalization},
 booktitle = {Proceedings of the 19th Annual International ACM SIGIR Conference on Research and Development in Information Retrieval},
 series = {SIGIR '96},
 year = {1996},
 isbn = {0-89791-792-8},
 location = {Zurich, Switzerland},
 pages = {21--29},
 numpages = {9},
 url = {http://doi.acm.org/10.1145/243199.243206},
 doi = {10.1145/243199.243206},
 acmid = {243206},
 publisher = {ACM},
 address = {New York, NY, USA},
}

@article{Wu:2008,
 author = {Wu, Ho Chung and Luk, Robert Wing Pong and Wong, Kam Fai and Kwok, Kui Lam},
 title = {Interpreting TF-IDF Term Weights As Making Relevance Decisions},
 journal = {ACM Trans. Inf. Syst.},
 issue_date = {June 2008},
 volume = {26},
 number = {3},
 month = jun,
 year = {2008},
 issn = {1046-8188},
 pages = {13:1--13:37},
 articleno = {13},
 numpages = {37},
 url = {http://doi.acm.org/10.1145/1361684.1361686},
 doi = {10.1145/1361684.1361686},
 acmid = {1361686},
 publisher = {ACM},
 address = {New York, NY, USA},
 keywords = {Information retrieval, relevance decision, term weight},
} 
