@article{sparck1972statistical,
  title={A statistical interpretation of term specificity and its application in retrieval},
  author={Sparck Jones, Karen},
  journal={Journal of documentation},
  volume={28},
  number={1},
  pages={11--21},
  year={1972},
  publisher={MCB UP Ltd}
}

@online{word2vecgg,
  title = {Word2vec: Google code project},
  year = 2013,
  url = {https://code.google.com/archive/p/word2vec/},
}